%% This file is created by Michael X. Zhang's extractbib.pl
%% For questions, please write to zhangxiaoquan {a} gmail.com
%% Copyright Michael X. Zhang, 2007

