%% This file is created by Michael X. Zhang's extractbib.pl
%% For questions, please write to zhangxiaoquan {a} gmail.com
%% Copyright Michael X. Zhang, 2007

@BOOK{bringhurst:2002,
Address        = {Point Roberts, WA, USA},
Author         = {Robert Bringhurst},
Publisher      = {Hartley \& Marks, Publishers},
Series         = {Version 2.5},
Title          = {The Elements of Typographic Style},
Year           = {2002},
}
