%% This file is created by Michael X. Zhang's extractbib.pl
%% For questions, please write to zhangxiaoquan {a} gmail.com
%% Copyright Michael X. Zhang, 2007

@ARTICLE{seybold:1992,
author = {Seybold, A.},
title = {The DOCIT.},
journal = {Andrew Seyboldâ€™s Outlook on Professional Computing},
number = {2},
volume = {11},
month = {September},
year = {1992},
}
@inproceedings{Luff:1992,
author = {Luff, Paul and Heath, Christian and Greatbatch, David},
title = {Tasks-in-interaction: paper and screen based documentation in collaborative activity},
booktitle = {Proceedings of the 1992 ACM conference on Computer-supported cooperative work},
series = {CSCW '92},
year = {1992},
isbn = {0-89791-542-9},
location = {Toronto, Ontario, Canada},
pages = {163--170},
numpages = {8},
url = {http://doi.acm.org/10.1145/143457.143475},
doi = {http://doi.acm.org/10.1145/143457.143475},
acmid = {143475},
publisher = {ACM},
address = {New York, NY, USA},
} 
@online {Grudin:1994,
author = {Grudin, Jonathan},
title = {CSCW: Its History and Participation},
year = {1994},
url = {http://research.microsoft.com/en-us/um/people/jgrudin/past/Papers/IEEE94/IEEEComplastsub.html}
}
@book{Sellen:2003,
author = {Sellen, Abigail J. and Harper, Richard H.R.},
title = {The Myth of the Paperless Office},
year = {2003},
isbn = {026269283X},
publisher = {MIT Press},
address = {Cambridge, MA, USA},
} 
@inproceedings{Terrenghi:2007,
author = {Terrenghi, Lucia and Kirk, David and Sellen, Abigail and Izadi, Shahram},
title = {Affordances for manipulation of physical versus digital media on interactive surfaces},
booktitle = {Proceedings of the SIGCHI conference on Human factors in computing systems},
series = {CHI '07},
year = {2007},
isbn = {978-1-59593-593-9},
location = {San Jose, California, USA},
pages = {1157--1166},
numpages = {10},
url = {http://doi.acm.org/10.1145/1240624.1240799},
doi = {http://doi.acm.org/10.1145/1240624.1240799},
acmid = {1240799},
publisher = {ACM},
address = {New York, NY, USA},
keywords = {affordances, digital, interactive surfaces, interface design, manipulation, physical, tabletop},
} 
@article{YiLuenDo:2005,
title = "Design sketches and sketch design tools",
journal = "Knowledge-Based Systems",
volume = "18",
number = "8",
pages = "383 - 405",
year = "2005",
note = "Computational Approaches for Early Stages of Design",
issn = "0950-7051",
doi = "DOI: 10.1016/j.knosys.2005.07.001",
url = "http://www.sciencedirect.com/science/article/B6V0P-4GVH2GK-1/2/abd49fc2393be784dadf226b6f3bfe56",
author = "Ellen Yi-Luen Do",
keywords = "Architectural objects",
keywords = "Empirical studies",
keywords = "Knowledge-based design tools"
}
@article{Larkin:1987,
title = "Why a Diagram is (Sometimes) Worth Ten Thousand Words",
journal = "Cognitive Science",
volume = "11",
number = "1",
pages = "65 - 100",
year = "1987",
note = "",
issn = "0364-0213",
doi = "",
url = "http://www.sciencedirect.com/science/article/B6W48-4FW6JX3-4/2/9f39ec088401118e1fff1f847412dbe0",
author = "Jill H. Larkin and Herbert A. Simon"
}
@techreport{Tversky:2002,
author 		= {Barbara Tversky},
title		= {What do Sketches Say about Thinking?},
year		= {2002},
type		= "AAAI Technical Report",
number		= "SS-02-08",
affiliation = {Stanford University},
location	= {Stanford, California, USA}
}
@incollection {Tversky:2000,
author = {Tversky, Barbara and Zacks, Jeff and Lee, Paul and Heiser, Julie},
affiliation = {Stanford University USA},
title = {Lines, Blobs, Crosses and Arrows: Diagrammatic Communication with Schematic Figures},
booktitle = {Theory and Application of Diagrams},
series = {Lecture Notes in Computer Science},
editor = {Anderson, Michael and Cheng, Peter and Haarslev, Volker},
publisher = {Springer Berlin / Heidelberg},
pages = {389-408},
volume = {1889},
year = {2000}
}
@incollection {Tversky:1999,
author = {Tversky, Barbara and Lee, Paul},
affiliation = {Stanford University Department of Psychology Bldg. 420 Stanford California 94305-2130 USA},
title = {Pictorial and Verbal Tools for Conveying Routes},
booktitle = {Spatial Information Theory. Cognitive and Computational Foundations of Geographic Information Science},
series = {Lecture Notes in Computer Science},
editor = {Freksa, Christian and Mark, David},
publisher = {Springer Berlin / Heidelberg},
pages = {752-752},
volume = {1661},
year = {1999}
}
@online {Forbus:2008,
author = {K. D. Forbus},
title = {Exploring spatial cognition through sketch understanding},
year = {2008},
url = {http://conference.spatial-cognition.de/sc08/tutorials/T-1}
}
@book{Goel:1995,
title={{Sketches of thought}},
author={Goel, V.},
isbn={9780262071635},
lccn={lc95003318},
series={Bradford Books},
url={http://books.google.com/books?id=TzM9ltY8wWIC},
year={1995},
publisher={MIT Press}
}
@inproceedings{Newman:2000,
author = {Newman, Mark W. and Landay, James A.},
title = {Sitemaps, storyboards, and specifications: a sketch of Web site design practice},
booktitle = {Proceedings of the 3rd conference on Designing interactive systems: processes, practices, methods, and techniques},
series = {DIS '00},
year = {2000},
isbn = {1-58113-219-0},
location = {New York City, New York, United States},
pages = {263--274},
numpages = {12},
url = {http://doi.acm.org/10.1145/347642.347758},
doi = {http://doi.acm.org/10.1145/347642.347758},
acmid = {347758},
publisher = {ACM},
address = {New York, NY, USA},
keywords = {ethnography, informal interfaces, information architecture, web site design, work analysis},
} 
@article{Johnson:2009,
author = {Johnson, Gabe and Gross, Mark D. and Hong, Jason and Yi-Luen Do, Ellen},
title = {Computational Support for Sketching in Design: A Review},
journal = {Found. Trends Hum.-Comput. Interact.},
volume = {2},
issue = {1},
month = {January},
year = {2009},
issn = {1551-3955},
pages = {1--93},
numpages = {93},
url = {http://portal.acm.org/citation.cfm?id=1576251.1576252},
doi = {10.1561/1100000013},
acmid = {1576252},
publisher = {Now Publishers Inc.},
address = {Hanover, MA, USA},
} 
@inproceedings{Vansichem:2001,
author = {Vansichem, G. and Wauters, E. and van Reeth, F.},
title = {Real-time modeled drawing and manipulation of stylized cartoon characters},
booktitle = {Proceedings of the IASTED International Confer- ence on Computer Graphics and Imaging},
year = {2001},
month = {August},
location = {Honolulu, HI, USA},
pages = {44--49},
numpages = {6},
publisher = {IASTED},
}
@article{Johnson:2009,
author = {Johnson, Gabe and Gross, Mark D. and Hong, Jason and Yi-Luen Do, Ellen},
title = {Computational Support for Sketching in Design: A Review},
journal = {Found. Trends Hum.-Comput. Interact.},
volume = {2},
issue = {1},
month = {January},
year = {2009},
issn = {1551-3955},
pages = {1--93},
numpages = {93},
url = {http://portal.acm.org/citation.cfm?id=1576251.1576252},
doi = {10.1561/1100000013},
acmid = {1576252},
publisher = {Now Publishers Inc.},
address = {Hanover, MA, USA},
} 
@inproceedings{Vansichem:2001,
author = {Vansichem, G. and Wauters, E. and van Reeth, F.},
title = {Real-time modeled drawing and manipulation of stylized cartoon characters},
booktitle = {Proceedings of the IASTED International Confer- ence on Computer Graphics and Imaging},
year = {2001},
month = {August},
location = {Honolulu, HI, USA},
pages = {44--49},
numpages = {6},
publisher = {IASTED},
}
@inproceedings{Henzen:2005,
author = {Henzen, Alex and Ailenei, Neculai and Fiore, Fabian Di and Van Reeth, Frank and Patterson, John},
title = {Sketching with a low-latency electronic ink drawing tablet},
booktitle = {Proceedings of the 3rd international conference on Computer graphics and interactive techniques in Australasia and South East Asia},
series = {GRAPHITE '05},
year = {2005},
isbn = {1-59593-201-1},
location = {Dunedin, New Zealand},
pages = {51--60},
numpages = {10},
publisher = {ACM},
address = {New York, NY, USA},
} 
@inproceedings{Han:2005,
author = {Han, Jefferson Y.},
title = {Low-cost multi-touch sensing through frustrated total internal reflection},
booktitle = {Proceedings of the 18th annual ACM symposium on User interface software and technology},
series = {UIST '05},
year = {2005},
isbn = {1-59593-271-2},
location = {Seattle, WA, USA},
pages = {115--118},
numpages = {4},
publisher = {ACM},
address = {New York, NY, USA},
} 
@online {Surface:2010,
author = {Microsoft},
title = {Surface},
year = {2010},
url = {http://www.microsoft.com/surface/}
}
@inproceedings{Han:2005,
author = {Han, Jefferson Y.},
title = {Low-cost multi-touch sensing through frustrated total internal reflection},
booktitle = {Proceedings of the 18th annual ACM symposium on User interface software and technology},
series = {UIST '05},
year = {2005},
isbn = {1-59593-271-2},
location = {Seattle, WA, USA},
pages = {115--118},
numpages = {4},
publisher = {ACM},
address = {New York, NY, USA},
} 
@online {Surface:2010,
author = {Microsoft},
title = {Surface},
year = {2010},
url = {http://www.microsoft.com/surface/}
}
@online {Surface:2010,
author = {Microsoft},
title = {Surface},
year = {2010},
url = {http://www.microsoft.com/surface/}
}
@incollection{Hinckley:2002,
author = {Hinckley, Ken},
chapter = {Input technologies and techniques},
title = {The human-computer interaction handbook},
editor = {Jacko, Julie A. and Sears, Andrew},
year = {2003},
isbn = {0-8058-3838-4},
pages = {151--168},
numpages = {18},
publisher = {L. Erlbaum Associates Inc.},
address = {Hillsdale, NJ, USA},
} 
@article {Plimmer:2008,
author = {Plimmer, Beryl},
affiliation = {University of Auckland Department of Computer Science Auckland New Zealand},
title = {Experiences with digital pen, keyboard and mouse usability},
journal = {Journal on Multimodal User Interfaces},
publisher = {Springer Berlin / Heidelberg},
pages = {13-23},
volume = {2},
issue = {1},
year = {2008}
}
@article {Plimmer:2008,
author = {Plimmer, Beryl},
affiliation = {University of Auckland Department of Computer Science Auckland New Zealand},
title = {Experiences with digital pen, keyboard and mouse usability},
journal = {Journal on Multimodal User Interfaces},
publisher = {Springer Berlin / Heidelberg},
pages = {13-23},
volume = {2},
issue = {1},
year = {2008}
}
@inproceedings{Oviatt:2006,
author = {Oviatt, Sharon and Arthur, Alex and Cohen, Julia},
title = {Quiet interfaces that help students think},
booktitle = {Proceedings of the 19th annual ACM symposium on User interface software and technology},
series = {UIST '06},
year = {2006},
isbn = {1-59593-313-1},
location = {Montreux, Switzerland},
pages = {191--200},
numpages = {10},
publisher = {ACM},
address = {New York, NY, USA},
} 
@inproceedings{Anthony:2005,
author = {Anthony, Lisa and Yang, Jie and Koedinger, Kenneth R.},
title = {Evaluation of multimodal input for entering mathematical equations on the computer},
booktitle = {CHI '05 extended abstracts on Human factors in computing systems},
series = {CHI '05},
year = {2005},
isbn = {1-59593-002-7},
location = {Portland, OR, USA},
pages = {1184--1187},
numpages = {4},
publisher = {ACM},
address = {New York, NY, USA},
} 
@inproceedings{Kurtenbach:1991,
author = {Kurtenbach, Gordon and Buxton, William},
title = {Issues in combining marking and direct manipulation techniques},
booktitle = {Proceedings of the 4th annual ACM symposium on User interface software and technology},
series = {UIST '91},
year = {1991},
isbn = {0-89791-451-1},
location = {Hilton Head, South Carolina, United States},
pages = {137--144},
numpages = {8},
publisher = {ACM},
address = {New York, NY, USA},
} 
@online {Maya:2010,
author = {Autodesk},
title = {Autodesk Maya},
year = {2010},
url = {http://autodesk.com/}
}
@inproceedings{Anthony:2005,
author = {Anthony, Lisa and Yang, Jie and Koedinger, Kenneth R.},
title = {Evaluation of multimodal input for entering mathematical equations on the computer},
booktitle = {CHI '05 extended abstracts on Human factors in computing systems},
series = {CHI '05},
year = {2005},
isbn = {1-59593-002-7},
location = {Portland, OR, USA},
pages = {1184--1187},
numpages = {4},
publisher = {ACM},
address = {New York, NY, USA},
} 
@inproceedings{Kurtenbach:1991,
author = {Kurtenbach, Gordon and Buxton, William},
title = {Issues in combining marking and direct manipulation techniques},
booktitle = {Proceedings of the 4th annual ACM symposium on User interface software and technology},
series = {UIST '91},
year = {1991},
isbn = {0-89791-451-1},
location = {Hilton Head, South Carolina, United States},
pages = {137--144},
numpages = {8},
publisher = {ACM},
address = {New York, NY, USA},
} 
@online {Maya:2010,
author = {Autodesk},
title = {Autodesk Maya},
year = {2010},
url = {http://autodesk.com/}
}
@inproceedings{Kurtenbach:1991,
author = {Kurtenbach, Gordon and Buxton, William},
title = {Issues in combining marking and direct manipulation techniques},
booktitle = {Proceedings of the 4th annual ACM symposium on User interface software and technology},
series = {UIST '91},
year = {1991},
isbn = {0-89791-451-1},
location = {Hilton Head, South Carolina, United States},
pages = {137--144},
numpages = {8},
publisher = {ACM},
address = {New York, NY, USA},
} 
@online {Maya:2010,
author = {Autodesk},
title = {Autodesk Maya},
year = {2010},
url = {http://autodesk.com/}
}
@online {Maya:2010,
author = {Autodesk},
title = {Autodesk Maya},
year = {2010},
url = {http://autodesk.com/}
}
@online {EA:2010,
author = {Electronic Arts},
title = {The Sims},
year = {2010},
url = {http://thesims.ea.com/}
}
@inproceedings{Ramos:2004,
author = {Ramos, Gonzalo and Boulos, Matthew and Balakrishnan, Ravin},
title = {Pressure widgets},
booktitle = {Proceedings of the SIGCHI conference on Human factors in computing systems},
series = {CHI '04},
year = {2004},
isbn = {1-58113-702-8},
location = {Vienna, Austria},
pages = {487--494},
numpages = {8},
publisher = {ACM},
address = {New York, NY, USA},
} 
@inproceedings{Hinckley:2005,
author = {Hinckley, Ken and Baudisch, Patrick and Ramos, Gonzalo and Guimbretiere, Francois},
title = {Design and analysis of delimiters for selection-action pen gesture phrases in scriboli},
booktitle = {Proceedings of the SIGCHI conference on Human factors in computing systems},
series = {CHI '05},
year = {2005},
isbn = {1-58113-998-5},
location = {Portland, Oregon, USA},
pages = {451--460},
numpages = {10},
publisher = {ACM},
address = {New York, NY, USA},
} 
@inproceedings{Geissler:1995,
author = {J. GeiÃŸler},
title = {Gedrics: The next generation of icons},
booktitle = {Proceedings of the 5th International Conference on Human-Computer Interaction},
series = {INTERACTâ€™95},
year = {1995},
}
@inproceedings{Hinckley:2005,
author = {Hinckley, Ken and Baudisch, Patrick and Ramos, Gonzalo and Guimbretiere, Francois},
title = {Design and analysis of delimiters for selection-action pen gesture phrases in scriboli},
booktitle = {Proceedings of the SIGCHI conference on Human factors in computing systems},
series = {CHI '05},
year = {2005},
isbn = {1-58113-998-5},
location = {Portland, Oregon, USA},
pages = {451--460},
numpages = {10},
publisher = {ACM},
address = {New York, NY, USA},
} 
@inproceedings{Geissler:1995,
author = {J. GeiÃŸler},
title = {Gedrics: The next generation of icons},
booktitle = {Proceedings of the 5th International Conference on Human-Computer Interaction},
series = {INTERACTâ€™95},
year = {1995},
}
@inproceedings{Geissler:1995,
author = {J. GeiÃŸler},
title = {Gedrics: The next generation of icons},
booktitle = {Proceedings of the 5th International Conference on Human-Computer Interaction},
series = {INTERACTâ€™95},
year = {1995},
}
@inproceedings{Accot:2002,
author = {Accot, Johnny and Zhai, Shumin},
title = {More than dotting the i's --- foundations for crossing-based interfaces},
booktitle = {Proceedings of the SIGCHI conference on Human factors in computing systems: Changing our world, changing ourselves},
series = {CHI '02},
year = {2002},
isbn = {1-58113-453-3},
location = {Minneapolis, Minnesota, USA},
pages = {73--80},
numpages = {8},
publisher = {ACM},
address = {New York, NY, USA},
} 
@inproceedings{Apitz:2004,
author = {Apitz, Georg and Guimbreti\`{e}re, Fran\c{c}ois},
title = {CrossY: a crossing-based drawing application},
booktitle = {Proceedings of the 17th annual ACM symposium on User interface software and technology},
series = {UIST '04},
year = {2004},
isbn = {1-58113-957-8},
location = {Santa Fe, NM, USA},
pages = {3--12},
numpages = {10},
publisher = {ACM},
address = {New York, NY, USA},
} 
@inproceedings{Mankoff:2000p77,
author = {Mankoff, Jennifer},
title = {Providing integrated toolkit-level support for ambiguity in recognition-based interfaces},
booktitle = {CHI '00 extended abstracts on Human factors in computing systems},
series = {CHI '00},
year = {2000},
isbn = {1-58113-248-4},
location = {The Hague, The Netherlands},
pages = {77--78},
numpages = {2},
publisher = {ACM},
address = {New York, NY, USA},
} 
@article{Mankoff:2000,
title = "OOPS: a toolkit supporting mediation techniques for resolving ambiguity in recognition-based interfaces",
journal = "Computers \& Graphics",
volume = "24",
number = "6",
pages = "819 - 834",
year = "2000",
issn = "0097-8493",
author = "Jennifer Mankoff and Gregory D. Abowd and Scott E. Hudson"
}
@inproceedings{Apitz:2004,
author = {Apitz, Georg and Guimbreti\`{e}re, Fran\c{c}ois},
title = {CrossY: a crossing-based drawing application},
booktitle = {Proceedings of the 17th annual ACM symposium on User interface software and technology},
series = {UIST '04},
year = {2004},
isbn = {1-58113-957-8},
location = {Santa Fe, NM, USA},
pages = {3--12},
numpages = {10},
publisher = {ACM},
address = {New York, NY, USA},
} 
@inproceedings{Mankoff:2000p77,
author = {Mankoff, Jennifer},
title = {Providing integrated toolkit-level support for ambiguity in recognition-based interfaces},
booktitle = {CHI '00 extended abstracts on Human factors in computing systems},
series = {CHI '00},
year = {2000},
isbn = {1-58113-248-4},
location = {The Hague, The Netherlands},
pages = {77--78},
numpages = {2},
publisher = {ACM},
address = {New York, NY, USA},
} 
@article{Mankoff:2000,
title = "OOPS: a toolkit supporting mediation techniques for resolving ambiguity in recognition-based interfaces",
journal = "Computers \& Graphics",
volume = "24",
number = "6",
pages = "819 - 834",
year = "2000",
issn = "0097-8493",
author = "Jennifer Mankoff and Gregory D. Abowd and Scott E. Hudson"
}
@inproceedings{Mankoff:2000p77,
author = {Mankoff, Jennifer},
title = {Providing integrated toolkit-level support for ambiguity in recognition-based interfaces},
booktitle = {CHI '00 extended abstracts on Human factors in computing systems},
series = {CHI '00},
year = {2000},
isbn = {1-58113-248-4},
location = {The Hague, The Netherlands},
pages = {77--78},
numpages = {2},
publisher = {ACM},
address = {New York, NY, USA},
} 
@article{Mankoff:2000,
title = "OOPS: a toolkit supporting mediation techniques for resolving ambiguity in recognition-based interfaces",
journal = "Computers \& Graphics",
volume = "24",
number = "6",
pages = "819 - 834",
year = "2000",
issn = "0097-8493",
author = "Jennifer Mankoff and Gregory D. Abowd and Scott E. Hudson"
}
@inproceedings{Igarashi:2001,
author = {Igarashi, Takeo and Hughes, John F.},
title = {A suggestive interface for 3D drawing},
booktitle = {Proceedings of the 14th annual ACM symposium on User interface software and technology},
series = {UIST '01},
year = {2001},
isbn = {1-58113-438-X},
location = {Orlando, Florida},
pages = {173--181},
numpages = {9},
publisher = {ACM},
address = {New York, NY, USA},
} 
@inproceedings{Igarashi:2003,
author = {Igarashi, Takeo and Hughes, John F.},
title = {Smooth meshes for sketch-based freeform modeling},
booktitle = {Proceedings of the 2003 symposium on Interactive 3D graphics},
series = {I3D '03},
year = {2003},
isbn = {1-58113-645-5},
location = {Monterey, California},
pages = {139--142},
numpages = {4},
publisher = {ACM},
address = {New York, NY, USA},
} 
@inproceedings{Tsang:2004,
author = {Tsang, Steve and Balakrishnan, Ravin and Singh, Karan and Ranjan, Abhishek},
title = {A suggestive interface for image guided 3D sketching},
booktitle = {Proceedings of the SIGCHI conference on Human factors in computing systems},
series = {CHI '04},
year = {2004},
isbn = {1-58113-702-8},
location = {Vienna, Austria},
pages = {591--598},
numpages = {8},
publisher = {ACM},
address = {New York, NY, USA},
} 
@inproceedings{Bae:2008,
author = {Bae, Seok-Hyung and Balakrishnan, Ravin and Singh, Karan},
title = {ILoveSketch: as-natural-as-possible sketching system for creating 3d curve models},
booktitle = {Proceedings of the 21st annual ACM symposium on User interface software and technology},
series = {UIST '08},
year = {2008},
isbn = {978-1-59593-975-3},
location = {Monterey, CA, USA},
pages = {151--160},
numpages = {10},
publisher = {ACM},
address = {New York, NY, USA},
}
@inproceedings{Igarashi:2003,
author = {Igarashi, Takeo and Hughes, John F.},
title = {Smooth meshes for sketch-based freeform modeling},
booktitle = {Proceedings of the 2003 symposium on Interactive 3D graphics},
series = {I3D '03},
year = {2003},
isbn = {1-58113-645-5},
location = {Monterey, California},
pages = {139--142},
numpages = {4},
publisher = {ACM},
address = {New York, NY, USA},
} 
@inproceedings{Tsang:2004,
author = {Tsang, Steve and Balakrishnan, Ravin and Singh, Karan and Ranjan, Abhishek},
title = {A suggestive interface for image guided 3D sketching},
booktitle = {Proceedings of the SIGCHI conference on Human factors in computing systems},
series = {CHI '04},
year = {2004},
isbn = {1-58113-702-8},
location = {Vienna, Austria},
pages = {591--598},
numpages = {8},
publisher = {ACM},
address = {New York, NY, USA},
} 
@inproceedings{Bae:2008,
author = {Bae, Seok-Hyung and Balakrishnan, Ravin and Singh, Karan},
title = {ILoveSketch: as-natural-as-possible sketching system for creating 3d curve models},
booktitle = {Proceedings of the 21st annual ACM symposium on User interface software and technology},
series = {UIST '08},
year = {2008},
isbn = {978-1-59593-975-3},
location = {Monterey, CA, USA},
pages = {151--160},
numpages = {10},
publisher = {ACM},
address = {New York, NY, USA},
}
@inproceedings{Tsang:2004,
author = {Tsang, Steve and Balakrishnan, Ravin and Singh, Karan and Ranjan, Abhishek},
title = {A suggestive interface for image guided 3D sketching},
booktitle = {Proceedings of the SIGCHI conference on Human factors in computing systems},
series = {CHI '04},
year = {2004},
isbn = {1-58113-702-8},
location = {Vienna, Austria},
pages = {591--598},
numpages = {8},
publisher = {ACM},
address = {New York, NY, USA},
} 
@inproceedings{Bae:2008,
author = {Bae, Seok-Hyung and Balakrishnan, Ravin and Singh, Karan},
title = {ILoveSketch: as-natural-as-possible sketching system for creating 3d curve models},
booktitle = {Proceedings of the 21st annual ACM symposium on User interface software and technology},
series = {UIST '08},
year = {2008},
isbn = {978-1-59593-975-3},
location = {Monterey, CA, USA},
pages = {151--160},
numpages = {10},
publisher = {ACM},
address = {New York, NY, USA},
}
@inproceedings{Bae:2008,
author = {Bae, Seok-Hyung and Balakrishnan, Ravin and Singh, Karan},
title = {ILoveSketch: as-natural-as-possible sketching system for creating 3d curve models},
booktitle = {Proceedings of the 21st annual ACM symposium on User interface software and technology},
series = {UIST '08},
year = {2008},
isbn = {978-1-59593-975-3},
location = {Monterey, CA, USA},
pages = {151--160},
numpages = {10},
publisher = {ACM},
address = {New York, NY, USA},
}
@inproceedings{Alvorado:2004,
author = {C. Alvarado},
title = {Sketch recognition user interfaces: Guidelines for design and development},
booktitle = {Proceedings of AAAI Fall Symposium on Intelligent Pen- based Interfaces},
year = {2004},
}
@article{Tesler:1981,
author = {L. Tesler},
title = {The smalltalk environment},
journal = {Byte Magazine},
volume = {6},
year = {1981},
pages = {90--147},
}
@inproceedings{Sutherland:1964,
author = {Sutherland, Ivan E.},
title = {Sketch pad a man-machine graphical communication system},
booktitle = {Proceedings of the SHARE design automation workshop},
series = {DAC '64},
year = {1964},
pages = {6.329--6.346},
publisher = {ACM},
address = {New York, NY, USA},
} 
@techreport{Ellis:1969,
author = {T. O. Ellis and J. F. Heafner and W. L. Sibley},
title = {The GRAIL Project: An experiment in man-machine communications},
year = {1969},
type = "RAND Memorandum Technical Report",
number = "RM-5999-ARPA",
affiliation = {RAND Corporation},
}
@techreport{Ellis:1969,
author = {T. O. Ellis and J. F. Heafner and W. L. Sibley},
title = {The GRAIL Project: An experiment in man-machine communications},
year = {1969},
type = "RAND Memorandum Technical Report",
number = "RM-5999-ARPA",
affiliation = {RAND Corporation},
}
@ARTICLE{Saund:2003p66,
author = {Eric Saund and Edward Lank}, 
journal = {UIST '03: Proceedings of the 16th annual ACM symposium on User interface software and technology},
title = {Stylus input and editing without prior selection of mode},
abstract = {This paper offers a solution to the mode problem in computer sketch/notetaking programs. Conventionally, the user must specify the intended "draw" or "command" mode prior to performing a stroke. This necessity has proven to be a barrier to the ...},
note = {Hohe Relevanz},
pages = {1--4},
year = {2003},
month = {Nov},
keywords = {inferred-Mode protocol, pen, stylus, command, draw, sketch, inkscribe, mode}, 
date-added = {2010-09-14 15:49:15 +0200},
date-modified = {2010-10-28 18:22:57 +0200},
pmid = {964696.964720},
URL = {http://portal.acm.org/citation.cfm?id=964696.964720},
local-url = {file://localhost/Users/xonic/.dropbox-alt/Dropbox/diplomprojekt/recherche/papers/_p213-saund.pdf},
uri = {papers://CB31F6F2-8ECE-4DCB-8756-8B0E41C7717D/Paper/p66},
read = {Yes},
rating = {4}
}
@inproceedings{Li:2005,
author = {Li, Yang and Hinckley, Ken and Guan, Zhiwei and Landay, James A.},
title = {Experimental analysis of mode switching techniques in pen-based user interfaces},
booktitle = {Proceedings of the SIGCHI conference on Human factors in computing systems},
series = {CHI '05},
year = {2005},
isbn = {1-58113-998-5},
location = {Portland, Oregon, USA},
pages = {461--470},
numpages = {10},
publisher = {ACM},
address = {New York, NY, USA},
} 
@inproceedings{Johnson:2006,
author = {Johnson, Gabe and Gross, Mark D and Do, Ellen Yi-Luen},
title = {Flow selection: a time-based selection and operation technique for sketching tools},
booktitle = {Proceedings of the working conference on Advanced visual interfaces},
series = {AVI '06},
year = {2006},
isbn = {1-59593-353-0},
location = {Venezia, Italy},
pages = {83--86},
numpages = {4},
publisher = {ACM},
address = {New York, NY, USA},
} 
@inproceedings{Oviatt:2006,
author = {Oviatt, Sharon and Arthur, Alex and Cohen, Julia},
title = {Quiet interfaces that help students think},
booktitle = {Proceedings of the 19th annual ACM symposium on User interface software and technology},
series = {UIST '06},
year = {2006},
isbn = {1-59593-313-1},
location = {Montreux, Switzerland},
pages = {191--200},
numpages = {10},
publisher = {ACM},
address = {New York, NY, USA},
} 
@inproceedings{Anthony:2005,
author = {Anthony, Lisa and Yang, Jie and Koedinger, Kenneth R.},
title = {Evaluation of multimodal input for entering mathematical equations on the computer},
booktitle = {CHI '05 extended abstracts on Human factors in computing systems},
series = {CHI '05},
year = {2005},
isbn = {1-59593-002-7},
location = {Portland, OR, USA},
pages = {1184--1187},
numpages = {4},
publisher = {ACM},
address = {New York, NY, USA},
} 
@inproceedings{Kurtenbach:1991,
author = {Kurtenbach, Gordon and Buxton, William},
title = {Issues in combining marking and direct manipulation techniques},
booktitle = {Proceedings of the 4th annual ACM symposium on User interface software and technology},
series = {UIST '91},
year = {1991},
isbn = {0-89791-451-1},
location = {Hilton Head, South Carolina, United States},
pages = {137--144},
numpages = {8},
publisher = {ACM},
address = {New York, NY, USA},
} 
@online {Maya:2010,
author = {Autodesk},
title = {Autodesk Maya},
year = {2010},
url = {http://autodesk.com/}
}
@inproceedings{Schilit:1998,
author = {Schilit, Bill N. and Golovchinsky, Gene and Price, Morgan N.},
title = {Beyond paper: supporting active reading with free form digital ink annotations},
booktitle = {Proceedings of the SIGCHI conference on Human factors in computing systems},
series = {CHI '98},
year = {1998},
isbn = {0-201-30987-4},
location = {Los Angeles, California, United States},
pages = {249--256},
numpages = {8},
url = {http://dx.doi.org/10.1145/274644.274680},
doi = {http://dx.doi.org/10.1145/274644.274680},
acmid = {274680},
publisher = {ACM Press/Addison-Wesley Publishing Co.},
address = {New York, NY, USA},
keywords = {affordances of paper, document metaphor, dynamic hypertext, information retrieval, paper-like user interface, pen computing, reading online},
} 
@mastersthesis{sagmeister:2008,
author = {Clemens Sagmeister},
title = {Design},
month = {September},
year = {2008},
school = {Institute for Design and Assessment of Technology, Vienna University of Technology},
type = {Bachelorâ€™s Thesis},
address = {Vienna, Austria},
numpages = {61},
}
@inproceedings{Johnson:2006,
author = {Johnson, Gabe and Gross, Mark D and Do, Ellen Yi-Luen},
title = {Flow selection: a time-based selection and operation technique for sketching tools},
booktitle = {Proceedings of the working conference on Advanced visual interfaces},
series = {AVI '06},
year = {2006},
isbn = {1-59593-353-0},
location = {Venezia, Italy},
pages = {83--86},
numpages = {4},
publisher = {ACM},
address = {New York, NY, USA},
} 
@inproceedings{Oviatt:2006,
author = {Oviatt, Sharon and Arthur, Alex and Cohen, Julia},
title = {Quiet interfaces that help students think},
booktitle = {Proceedings of the 19th annual ACM symposium on User interface software and technology},
series = {UIST '06},
year = {2006},
isbn = {1-59593-313-1},
location = {Montreux, Switzerland},
pages = {191--200},
numpages = {10},
publisher = {ACM},
address = {New York, NY, USA},
} 
@inproceedings{Anthony:2005,
author = {Anthony, Lisa and Yang, Jie and Koedinger, Kenneth R.},
title = {Evaluation of multimodal input for entering mathematical equations on the computer},
booktitle = {CHI '05 extended abstracts on Human factors in computing systems},
series = {CHI '05},
year = {2005},
isbn = {1-59593-002-7},
location = {Portland, OR, USA},
pages = {1184--1187},
numpages = {4},
publisher = {ACM},
address = {New York, NY, USA},
} 
@inproceedings{Kurtenbach:1991,
author = {Kurtenbach, Gordon and Buxton, William},
title = {Issues in combining marking and direct manipulation techniques},
booktitle = {Proceedings of the 4th annual ACM symposium on User interface software and technology},
series = {UIST '91},
year = {1991},
isbn = {0-89791-451-1},
location = {Hilton Head, South Carolina, United States},
pages = {137--144},
numpages = {8},
publisher = {ACM},
address = {New York, NY, USA},
} 
@online {Maya:2010,
author = {Autodesk},
title = {Autodesk Maya},
year = {2010},
url = {http://autodesk.com/}
}
@article{Wilson:2002,
author = "M. Wilson.",
title = "Six views of embodied cognition",
journal = "Psychonomic Bulletin \& Review",
volume = "9",
number = "4",
pages = "625-636",
month = "Dezember",
year = "2002",
}
@book{Goldin:2003,
title={Hearing gesture: how our hands help us think.},
author={Susan Goldin-Meadow},
isbn={9780674018372},
year={2003},
publisher={The Belknap Press of Harvard University Press},
location = {Cambridge, MA, USA},
}
@misc{Schaefer:2003,
author = "Erich SchÃ¤fer",
title = "Nonverbale Kommunikation",
month = "Dezember",
year = "2003",
publisher = "Hochschule Magdeburg-Stendal (FH)",
location = {Magedeburg, Deutschland},
}
@inproceedings{Dantec:2009,
author = {Le Dantec, Christopher A.},
title = {Situated design: toward an understanding of design through social creation and cultural cognition},
booktitle = {Proceeding of the seventh ACM conference on Creativity and cognition},
series = {C\&\#38;C '09},
year = {2009},
isbn = {978-1-60558-865-0},
location = {Berkeley, California, USA},
pages = {69--78},
numpages = {10},
publisher = {ACM},
address = {New York, NY, USA},
} 
@article{Wilson:2002,
author = "M. Wilson.",
title = "Six views of embodied cognition",
journal = "Psychonomic Bulletin \& Review",
volume = "9",
number = "4",
pages = "625-636",
month = "Dezember",
year = "2002",
}
@inproceedings{Casasanto:2006,
author = {D. Casasanto and S. Lozano},
title = {Metaphor in the Mind and Hands},
booktitle = {Proceedings of 28th Annual Conference of the Cognitive Science Society},
year = {2006},
location = {Hillsdale, New Jersey, USA},
pages = {142--147},
publisher = {Lawrence Erlbaum Associates},
}
@ARTICLE{Tang:1991p28,
author = {John Tang and Scott Minneman}, 
journal = {Transactions on Information Systems (TOIS},
title = {Videodraw: a video interface for collaborative drawing},
note = {Hohe Relevanz},
number = {2},
pages = {1--15},
volume = {9},
year = {1991},
month = {Apr},
keywords = {user interface, gestural interfaces, work practice analysis, video technology, colloborative systems, shared drawing}, 
date-added = {2010-07-13 17:03:51 +0200},
date-modified = {2010-10-28 18:22:57 +0200},
pmid = {123078.128729},
URL = {http://portal.acm.org/citation.cfm?id=123078.128729},
local-url = {file://localhost/Users/xonic/.dropbox-alt/Dropbox/diplomprojekt/xonic%20Papers/Papers/1991/Tang/Transactions%20on%20Information%20Systems%20(TOIS%201991%20Tang%20Videodraw%20a%20video%20interface%20for.pdf},
uri = {papers://CB31F6F2-8ECE-4DCB-8756-8B0E41C7717D/Paper/p28},
rating = {4}
}
@inproceedings{Hinckley:2010,
author = {Hinckley, Ken and Yatani, Koji and Pahud, Michel and Coddington, Nicole and Rodenhouse, Jenny and Wilson, Andy and Benko, Hrvoje and Buxton, Bill},
title = {Manual deskterity: an exploration of simultaneous pen + touch direct input},
booktitle = {Proceedings of the 28th of the international conference extended abstracts on Human factors in computing systems},
series = {CHI EA '10},
year = {2010},
isbn = {978-1-60558-930-5},
location = {Atlanta, Georgia, USA},
pages = {2793--2802},
numpages = {10},
publisher = {ACM},
address = {New York, NY, USA},
} 
@ARTICLE{Held:2010p5232,
author = {D Held and T Habich}, 
journal = {psychologie.uni-mannheim.de},
title = {Computerunterst{\"u}tzte Gruppenentscheidungen},
abstract = { Jonas, KJ {\&} Linneweh, K. (2000).  Kreativit{\"a}tstechniken f{\"u}r Gruppen. Computerunterst{\"u}tze  Seite 20 von 20  Schauff, M. (2000). Die Computerunterst{\"u}tzung konsensorientierter - , K{\"o}ln: Saborowski. },
note = {Mittlere Relevanz},
year = {2002},
date-added = {2010-10-15 00:24:54 +0200},
date-modified = {2010-10-16 14:14:33 +0200},
pmid = {related:7353wGdnWsoJ},
URL = {http://www.psychologie.uni-mannheim.de/psycho1/veranstaltungen/02_SS/sem_kommunikation%2520in%2520unternehmen/Kommunikation%252010%2520Einsatz%2520von%2520Kommunikationsmedien%2520HA%2520Tam.pdf},
local-url = {file://localhost/Users/xonic/.dropbox-alt/Dropbox/diplomprojekt/xonic%20Papers/Papers/2002/Held/psychologie.uni-mannheim.de%202002%20Held%20Computerunterst%C3%BCtzte%20Gruppenentscheidungen.pdf},
uri = {papers://CB31F6F2-8ECE-4DCB-8756-8B0E41C7717D/Paper/p210},
read = {Yes},
rating = {3}
}
@inproceedings{Stewart:1997,
author = {Stewart, Jason E.},
title = {Single display groupware},
booktitle = {CHI '97 extended abstracts on Human factors in computing systems: looking to the future},
series = {CHI '97},
year = {1997},
isbn = {0-89791-926-2},
location = {Atlanta, Georgia},
pages = {71--72},
numpages = {2},
publisher = {ACM},
address = {New York, NY, USA},
} 
@inproceedings{Stewart:1999,
author = {Stewart, Jason and Bederson, Benjamin B. and Druin, Allison},
title = {Single display groupware: a model for co-present collaboration},
booktitle = {Proceedings of the SIGCHI conference on Human factors in computing systems: the CHI is the limit},
series = {CHI '99},
year = {1999},
isbn = {0-201-48559-1},
location = {Pittsburgh, Pennsylvania, United States},
pages = {286--293},
numpages = {8},
publisher = {ACM},
address = {New York, NY, USA},
} 
@inproceedings{Price:2002,
author = "Sara Price",
title = "Animated Diagrams: How Effective are Explicit Dynamics for Learners?",
book = "Proceedings of ICLS 2002",
pages = "344-351",
year = "2002",
}
@inproceedings{Stewart:1999,
author = {Stewart, Jason and Bederson, Benjamin B. and Druin, Allison},
title = {Single display groupware: a model for co-present collaboration},
booktitle = {Proceedings of the SIGCHI conference on Human factors in computing systems: the CHI is the limit},
series = {CHI '99},
year = {1999},
isbn = {0-201-48559-1},
location = {Pittsburgh, Pennsylvania, United States},
pages = {286--293},
numpages = {8},
publisher = {ACM},
address = {New York, NY, USA},
} 
@inproceedings{Price:2002,
author = "Sara Price",
title = "Animated Diagrams: How Effective are Explicit Dynamics for Learners?",
book = "Proceedings of ICLS 2002",
pages = "344-351",
year = "2002",
}
@inproceedings{Piper:2009,
author = {Piper, Anne Marie and Hollan, James D.},
title = {Tabletop displays for small group study: affordances of paper and digital materials},
booktitle = {Proceedings of the 27th international conference on Human factors in computing systems},
series = {CHI '09},
year = {2009},
isbn = {978-1-60558-246-7},
location = {Boston, MA, USA},
pages = {1227--1236},
numpages = {10},
publisher = {ACM},
address = {New York, NY, USA},
} 
@ARTICLE{Voss:2007p234,
author = {LL Voss and P Ehlen}, 
journal = {Proceedings of Human Language Technologies: The Annual Conference of the North American Chapter of the Association for Computational Linguistics: Demonstrations on XX},
title = {The CALO Meeting Assistant},
note = {Keine Relevanz},
pages = {17--18},
year = {2007},
date-added = {2010-10-15 00:48:11 +0200},
date-modified = {2010-10-28 18:22:57 +0200},
pmid = {8550323978932149218related:4lvBdlvaqHYJ},
local-url = {file://localhost/Users/xonic/.dropbox-alt/Dropbox/diplomprojekt/xonic%20Papers/Papers/2007/Voss/Proceedings%20of%20Human%20Language%20Technologies%20The%20Annual%20Conference%20of%20the%20North%20American%20Chapter%20of%20the%20Association%20for%20Computational%20Linguistics%20Demonstrations%20on%20XX%202007%20Voss.pdf},
uri = {papers://CB31F6F2-8ECE-4DCB-8756-8B0E41C7717D/Paper/p234},
rating = {1}
}
@inproceedings{Price:2002,
author = "Sara Price",
title = "Animated Diagrams: How Effective are Explicit Dynamics for Learners?",
book = "Proceedings of ICLS 2002",
pages = "344-351",
year = "2002",
}
@book{Clark:1996,
title={Using Language},
author={Herbert Clark},
isbn={0521561582},
year={1996},
publisher={Cambridge University Press}
}
@book{Johnson:1987,
title={The Body in the Mind: The Bodily Basis of Meaning, Imagination, and Reason.},
author={Mark Johnson },
year={1987},
publisher={University of Chicago Press},
location={Chicago, IL, USA},
}
@article{Nunez:1999,
author = "Nunez R.E.",
title = "Could the future taste purple? Reclaiming mind, body and cognition",
journal = "Journal of Consciousness Studies",
volume = "6",
year = "1999",
pages = "41-60",
numpages = "20",
}
@book{Varela:1991,
title={{The embodied mind : cognitive science and human experience}},
author={Varela, F.J. and Thompson, E. and Rosch, E.},
isbn={9780262720212},
publisher={MIT Press},
year={1991},
location={Cambridge, MA, USA},
}
