%% This file is created by Michael X. Zhang's extractbib.pl
%% For questions, please write to zhangxiaoquan {a} gmail.com
%% Copyright Michael X. Zhang, 2007

@mastersthesis{sagmeister:2008,
author = {Clemens Sagmeister},
title = {Design},
month = {September},
year = {2008},
school = {Institute for Design and Assessment of Technology, Vienna University of Technology},
type = {Bachelorâ€™s Thesis},
address = {Vienna, Austria},
numpages = {61},
}
@BOOK{heskett:2005,
Author         = {John Heskett},
Title          = {Design - A Very Short Introduction},
Publisher      = {Oxford University Press},
Year           = {2005},
}
